@article{Beem:2013sza,
    author = "Beem, Christopher and Lemos, Madalena and Liendo, Pedro and Peelaers, Wolfger and Rastelli, Leonardo and van Rees, Balt C.",
    title = "{Infinite Chiral Symmetry in Four Dimensions}",
    eprint = "1312.5344",
    archivePrefix = "arXiv",
    primaryClass = "hep-th",
    reportNumber = "YITP-SB-13-45, CERN-PH-TH-2013-311, HU-EP-13-78",
    doi = "10.1007/s00220-014-2272-x",
    journal = "Commun. Math. Phys.",
    volume = "336",
    number = "3",
    pages = "1359--1433",
    year = "2015"
}